<?xml version="1.0" encoding="UTF-8" ?>
<collection xmlns:xsi="http://www.w3.org/2001/XMLSchema-instance"
    xsi:schemaLocation="http://www.loc.gov/MARC21/slim
        http://www.loc.gov/standards/marcxml/schema/MARC21slim.xsd"
    xmlns="http://www.loc.gov/MARC21/slim">
<record>
  <leader>00257cam a2200493 i 4500</leader>
  <controlfield tag="001">b12310682</controlfield>
  <controlfield tag="003">LeBAU</controlfield>
  <controlfield tag="005">20131003</controlfield>
  <controlfield tag="008">970109s1955    sy            ||0 0 ara d</controlfield>
  <datafield tag="035" ind1=" " ind2=" ">
    <subfield code="a">ocn784181369</subfield>
  </datafield>
  <datafield tag="040" ind1=" " ind2=" ">
    <subfield code="a">LEAUB</subfield>
    <subfield code="b">ara</subfield>
    <subfield code="e">rda</subfield>
    <subfield code="c">LEAUB</subfield>
    <subfield code="d">LEAUB</subfield>
  </datafield>
  <datafield tag="041" ind1="1" ind2=" ">
    <subfield code="a">ara</subfield>
    <subfield code="h">eng</subfield>
  </datafield>
  <datafield tag="082" ind1="0" ind2="4">
    <subfield code="a">150.72</subfield>
    <subfield code="2">22</subfield>
  </datafield>
  <datafield tag="100" ind1="1" ind2=" ">
    <subfield code="6">880-01</subfield>
    <subfield code="a">Woodworth, Robert Sessions,</subfield>
    <subfield code="d">1869-1962,</subfield>
    <subfield code="e">author.</subfield>
  </datafield>
  <datafield tag="240" ind1="1" ind2="0">
    <subfield code="a">Experimental Psychology.</subfield>
    <subfield code="l">Arabic</subfield>
  </datafield>
  <datafield tag="245" ind1="1" ind2="0">
    <subfield code="6">880-02</subfield>
    <subfield code="a">‘Ilm al-nafs al-tajrībī /</subfield>
    <subfield code="c">Rūbirt S. Wudwūrth ; tarjamat Sāmī al-Durūbī mudarris ‘ilm al-nafs al-tajrībī bi-al-Jāmi‘ah al-Sūrīyah.</subfield>
  </datafield>
  <datafield tag="250" ind1=" " ind2=" ">
    <subfield code="6">880-03</subfield>
    <subfield code="a">al-Ṭab‘ah al-‘Arabīyah al-ūlá.</subfield>
  </datafield>
  <datafield tag="264" ind1=" " ind2="1">
    <subfield code="6">880-04</subfield>
    <subfield code="a">[Sūriyā]:</subfield>
    <subfield code="b">Maṭba‘at al-Jāmi‘ah al-Sūrīyah,</subfield>
    <subfield code="c">1374 H. = 1955 M.</subfield>
  </datafield>
  <datafield tag="300" ind1=" " ind2=" ">
    <subfield code="6">880-05</subfield>
    <subfield code="a">1 volume ;</subfield>
    <subfield code="c">24 cm.</subfield>
  </datafield>
  <datafield tag="336" ind1=" " ind2=" ">
    <subfield code="a">text</subfield>
    <subfield code="b">txt</subfield>
    <subfield code="2">rdacontent</subfield>
  </datafield>
  <datafield tag="337" ind1=" " ind2=" ">
    <subfield code="a">unmediated</subfield>
    <subfield code="b">n</subfield>
    <subfield code="2">rdamedia</subfield>
  </datafield>
  <datafield tag="338" ind1=" " ind2=" ">
    <subfield code="a">volume</subfield>
    <subfield code="b">nc</subfield>
    <subfield code="2">rdacarrier</subfield>
  </datafield>
  <datafield tag="490" ind1="1" ind2=" ">
    <subfield code="6">880-06</subfield>
    <subfield code="a">Manshūrāt Kullīyat al-Tarbiyah bi-al-Jāmi‘ah al-Sūrīyah</subfield>
  </datafield>
  <datafield tag="500" ind1=" " ind2=" ">
    <subfield code="a">"ظهرت طبعته الأولى بالولايات المتحدة عام 1938، وظهرت ترجمته الفرنسية بباريز عام 1949 بعنوان: La psychologie experimentale."</subfield>
  </datafield>
  <datafield tag="590" ind1=" " ind2=" ">
    <subfield code="a">في المكتبة: الجزء 1.</subfield>
  </datafield>
  <datafield tag="650" ind1=" " ind2="4">
    <subfield code="a">علم النفس الفزيولوجي.</subfield>
  </datafield>
  <datafield tag="650" ind1=" " ind2="0">
    <subfield code="a">Psychophysiology.</subfield>
  </datafield>
  <datafield tag="700" ind1="1" ind2=" ">
    <subfield code="6">880-07</subfield>
    <subfield code="a">Durūbī, Sāmī,</subfield>
    <subfield code="d">1921-1976,</subfield>
    <subfield code="e">translator.</subfield>
  </datafield>
  <datafield tag="765" ind1="0" ind2=" ">
    <subfield code="6">880-08</subfield>
    <subfield code="i">ترجمة كتاب:</subfield>
    <subfield code="t">Experimental Psychology.</subfield>
    <subfield code="b">Rev. ed.</subfield>
    <subfield code="d">New York : Holt, [1954]</subfield>
    <subfield code="w">b10866504</subfield>
    <subfield code="w">b10866504</subfield>
    <subfield code="a">Translation of:</subfield>
  </datafield>
  <datafield tag="830" ind1=" " ind2="0">
    <subfield code="6">880-09</subfield>
    <subfield code="a">Manshūrāt Kullīyat al-Tarbiyah bi-al-Jāmi‘ah al-Sūrīyah.</subfield>
  </datafield>
  <datafield tag="852" ind1=" " ind2=" ">
    <subfield code="a">Jafet Library</subfield>
    <subfield code="e">American University of Beirut, Bliss Street , Beirut, Lebanon.</subfield>
  </datafield>
  <datafield tag="880" ind1="1" ind2=" ">
    <subfield code="6">100-01/(3/r</subfield>
    <subfield code="a">ودورث، روبرت سشنز،</subfield>
    <subfield code="d">1869-1962،</subfield>
    <subfield code="e">مؤلف. </subfield>
    <subfield code="4">aut.</subfield>
  </datafield>
  <datafield tag="880" ind1="1" ind2="0">
    <subfield code="6">245-02/(3/r</subfield>
    <subfield code="a">علم النفس التجريبي /</subfield>
    <subfield code="c">روبرت س. ودورث ؛ ترجمة سامي الدروبي مدرس علم النفس التجريبي بالجامعة السورية.</subfield>
  </datafield>
  <datafield tag="880" ind1=" " ind2=" ">
    <subfield code="6">250-03/(3/r</subfield>
    <subfield code="a">الطبعة العربية الاولى.</subfield>
  </datafield>
  <datafield tag="880" ind1=" " ind2="1">
    <subfield code="6">264-04/(3/r</subfield>
    <subfield code="a">[سوريا] :</subfield>
    <subfield code="b">مطبعة الجامعة السورية،</subfield>
    <subfield code="c">1374 هـ. = 1955 م.</subfield>
  </datafield>
  <datafield tag="880" ind1=" " ind2=" ">
    <subfield code="6">300-05/(3/r</subfield>
    <subfield code="a">1 مجلد ؛</subfield>
    <subfield code="c">24 سم.</subfield>
  </datafield>
  <datafield tag="880" ind1="1" ind2=" ">
    <subfield code="6">490-06/(3/r</subfield>
    <subfield code="a">منشورات كلية التربية بالجامعة السورية</subfield>
  </datafield>
  <datafield tag="880" ind1="1" ind2=" ">
    <subfield code="6">700-07/(3/r</subfield>
    <subfield code="a">الدروبي، سامي،</subfield>
    <subfield code="d">1921-1976،</subfield>
    <subfield code="e">مترجم. </subfield>
    <subfield code="4">trl.</subfield>
  </datafield>
  <datafield tag="880" ind1="0" ind2=" ">
    <subfield code="6">765-08/(3/r</subfield>
    <subfield code="a">Translation of:</subfield>
    <subfield code="t">Experimental Psychology.</subfield>
    <subfield code="b">Rev. ed.</subfield>
    <subfield code="d">New York : Holt, [1954]</subfield>
    <subfield code="w">(OCoLC)00224215</subfield>
    <subfield code="w">b10866504</subfield>
  </datafield>
  <datafield tag="880" ind1=" " ind2="0">
    <subfield code="6">830-09/(3/r</subfield>
    <subfield code="a">منشورات كلية التربية بالجامعة السورية.</subfield>
  </datafield>
  <datafield tag="907" ind1=" " ind2=" ">
    <subfield code="a">.b12310682</subfield>
    <subfield code="b">16-04-12</subfield>
    <subfield code="c">11-05-24</subfield>
  </datafield>
  <datafield tag="907" ind1=" " ind2=" ">
    <subfield code="a">.b12310682</subfield>
    <subfield code="b">15-10-15</subfield>
    <subfield code="c">11-05-24</subfield>
  </datafield>
  <datafield tag="945" ind1=" " ind2=" ">
    <subfield code="f">J</subfield>
    <subfield code="a">150:W91e2A:v.1:c.1</subfield>
    <subfield code="g">1</subfield>
    <subfield code="i">01000429</subfield>
    <subfield code="j">.i12737318</subfield>
    <subfield code="l">u0503</subfield>
  </datafield>
  <datafield tag="998" ind1=" " ind2=" ">
    <subfield code="a">u05</subfield>
    <subfield code="b">97-01-09</subfield>
    <subfield code="c">m</subfield>
    <subfield code="d">a</subfield>
    <subfield code="e">-</subfield>
    <subfield code="f">ara</subfield>
    <subfield code="g">sy </subfield>
    <subfield code="h">0</subfield>
    <subfield code="i">1</subfield>
  </datafield>
</record>
</collection>
